<record><leader>00000cas a22000007a 4500</leader><controlfield tag="001">15022840</controlfield><controlfield tag="008">861230d19061929pauwr ne      0    0eng d</controlfield><datafield ind1=" " ind2=" " tag="010"><subfield code="a">sn 87078255 </subfield></datafield><datafield ind1=" " ind2=" " tag="040"><subfield code="a">NPH</subfield><subfield code="b">eng</subfield><subfield code="c">NPH</subfield><subfield code="d">NVK</subfield><subfield code="d">OCLCQ</subfield><subfield code="d">OCLCF</subfield><subfield code="d">OCLCO</subfield></datafield><datafield ind1="1" ind2=" " tag="029"><subfield code="a">AU@</subfield><subfield code="b">000025805621</subfield></datafield><datafield ind1=" " ind2=" " tag="042"><subfield code="a">msc</subfield></datafield><datafield ind1=" " ind2=" " tag="043"><subfield code="a">n-us-pa</subfield></datafield><datafield ind1="0" ind2=" " tag="130"><subfield code="a">Weekly courier (Connellsville, Pa.)</subfield></datafield><datafield ind1="1" ind2="4" tag="245"><subfield code="a">The weekly courier.</subfield></datafield><datafield ind1="1" ind2="3" tag="246"><subfield code="a">Courier</subfield></datafield><datafield ind1=" " ind2=" " tag="260"><subfield code="a">Connellsville, Pa. :</subfield><subfield code="b">Courier Co.,</subfield><subfield code="c">1906-1929.</subfield></datafield><datafield ind1=" " ind2=" " tag="300"><subfield code="a">v. :</subfield><subfield code="b">ill.</subfield></datafield><datafield ind1=" " ind2=" " tag="310"><subfield code="a">Weekly</subfield></datafield><datafield ind1="0" ind2=" " tag="362"><subfield code="a">Vol. 28, no. 21 (Dec. 7, 1906)-v. 50, no. 52 (July 11, 1929).</subfield></datafield><datafield ind1=" " ind2=" " tag="500"><subfield code="a">The word "weekly" printed above masthead ornament, 1906-</subfield></datafield><datafield ind1=" " ind2=" " tag="500"><subfield code="a">" ... the best newspaper advertising in the Connellsville coke region."</subfield></datafield><datafield ind1=" " ind2="0" tag="651"><subfield code="a">Connellsville (Pa.)</subfield><subfield code="v">Newspapers.</subfield></datafield><datafield ind1=" " ind2="7" tag="655"><subfield code="a">Newspapers.</subfield><subfield code="2">fast</subfield><subfield code="0">(OCoLC)fst01423814</subfield></datafield><datafield ind1=" " ind2="7" tag="651"><subfield code="a">Pennsylvania</subfield><subfield code="z">Connellsville.</subfield><subfield code="2">fast</subfield><subfield code="0">(OCoLC)fst01222066</subfield></datafield><datafield ind1=" " ind2=" " tag="752"><subfield code="a">United States</subfield><subfield code="b">Pennsylvania</subfield><subfield code="c">Fayette</subfield><subfield code="d">Connellsville.</subfield></datafield><datafield ind1="0" ind2=" " tag="775"><subfield code="t">Courier (Connellsville, Pa. : Daily)</subfield><subfield code="w">(DLC)sn 86081825</subfield></datafield><datafield ind1="0" ind2=" " tag="775"><subfield code="t">Sunday courier (Connellsville, Pa.)</subfield><subfield code="w">(DLC)sn 87070467</subfield></datafield><datafield ind1="0" ind2="0" tag="780"><subfield code="t">Courier (Connellsville, Pa. : Weekly)</subfield><subfield code="w">(DLC)sn 86083393</subfield></datafield><datafield ind1="0" ind2="5" tag="785"><subfield code="t">Courier (Connellsville, Pa. : Daily)</subfield><subfield code="w">(DLC)sn 86081825</subfield></datafield></record>